03300000         2394571450001510033227100490650894502271 0000130233725 ELDORADO BRASIL CELULOSE LOGISBanco Santander Banespa                 12703202515164500072906000000                                                                     
03300011C9803031 2394571450001510033227100490650894502271 0000130233725 ELDORADO BRASIL CELULOSE LOGIS                                        AVENIDA ISMAEL COELHO DE SOUZA00000ARMZ           SANTOS              11015315SP                  
0330001300001A00070010400354 0000000059838 LUCIANA TEREZA BARBOZA        0000000000004000001403012025BRL000000000000000000000000742057                    030120250000000007420570                                       01          0          
0330001300002B   100021660917840DOUTOR JULIO PRESTES          00924CASA           VILA VALENCA   São Vicente         11390150SP030120250000000007420570000000000000000000000000000000000000000000000000000000000000000           02007          
0330001300003A000700   00000 0000044413319 CARLA RODRIGUES LOPES VASCONCE0000000000004000006403012025BRL000000000000000000000000070758                    030120250000000000707580                                       01          0          
0330001300004B   100038616023852TV S JORGE                    01210C2             CHICO DE PAULA Santos              11085405SP030120250000000000707580000000000000000000000000000000000000000000000000000000000000000           02007          
0330001300005A0007003410808000000000113270 PATRICIA DA SILVA OLIVEIRA    0000000000004000006803012025BRL000000000000000000000000165714                    030120250000000001657140                                       01          0          
0330001300006B   100026615144816JOANA DE MENEZES FARO         00308               PAECARA        Guarujá             11462000SP030120250000000001657140000000000000000000000000000000000000000000000000000000000000000           02007          
0330001300007A000700   00000 0000000000000 ELIZABETH COUTINHO DE OLIVEIRA0000000000004000010003012025BRL000000000000000000000000327113                    030120250000000003271130                                       01          0          
0330001300008B   100026612680814COLOMBIA                      00050               BOQUEIRAO      Santos              11045320SP030120250000000003271130000000000000000000000000000000000000000000000000000000000000000           02007          
0330001300009A00070003304355 0000010869782 KARLA DOLINSKI NEVES          0000000000004000012703012025BRL000000000000000000000000147005                    030120250000000001470050                                       01          0          
0330001300010B   100037381522888JOSE ALBERTO DE LUCA          00538               RADIO CLUBE    Santos              11088170SP030120250000000001470050000000000000000000000000000000000000000000000000000000000000000           02007          
0330001300011A00070034100052 0000000392644 THALITA DE ARAUJO RAMOS DA SIL0000000000004000013203012025BRL000000000000000000000000063116                    030120250000000000631160                                       01          0          
0330001300012B   100039095781879RUA ADRIANO JESUS DA COSTA    00148               MORRINHOS II   Guarujá             11495021SP030120250000000000631160000000000000000000000000000000000000000000000000000000000000000           02007          
03300015         000014000000000001515763000000000000000000                                                                                                                                                                                     
03399999         000001000016                                                                                                                                                                                                                   